<record><leader>00000cas a22000007i 4500</leader><controlfield tag="001">907532072</controlfield><controlfield tag="008">150417c20149999iluwr ne      |   a0eng  </controlfield><datafield ind1=" " ind2=" " tag="010"><subfield code="a">  2015202417</subfield></datafield><datafield ind1=" " ind2=" " tag="040"><subfield code="a">DLC</subfield><subfield code="c">DLC</subfield><subfield code="b">eng</subfield><subfield code="e">rda</subfield><subfield code="d">DLC</subfield></datafield><datafield ind1=" " ind2=" " tag="012"><subfield code="l">y</subfield></datafield><datafield ind1="1" ind2=" " tag="022"><subfield code="a">2378-5624</subfield><subfield code="y">1932-0787</subfield><subfield code="2">1</subfield></datafield><datafield ind1=" " ind2=" " tag="037"><subfield code="b">Attn.: Brandon W. Bressner, P.O. Box 203, Eureka, IL 61530</subfield><subfield code="c">$78.00 (per year)</subfield></datafield><datafield ind1=" " ind2=" " tag="042"><subfield code="a">pcc</subfield><subfield code="a">nsdp</subfield></datafield><datafield ind1="1" ind2="0" tag="050"><subfield code="a">ISSN RECORD</subfield></datafield><datafield ind1="1" ind2="0" tag="082"><subfield code="a">071.3</subfield><subfield code="2">23</subfield></datafield><datafield ind1="0" ind2=" " tag="130"><subfield code="a">Woodford chronicle (Eureka, IL)</subfield></datafield><datafield ind1=" " ind2="0" tag="222"><subfield code="a">Woodford chronicle</subfield></datafield><datafield ind1="1" ind2="0" tag="245"><subfield code="a">Woodford chronicle.</subfield></datafield><datafield ind1=" " ind2="1" tag="264"><subfield code="a">Eureka, IL :</subfield><subfield code="b">Chronicle Media, LLC</subfield></datafield><datafield ind1=" " ind2=" " tag="310"><subfield code="a">Weekly</subfield></datafield><datafield ind1=" " ind2=" " tag="336"><subfield code="a">text</subfield><subfield code="b">txt</subfield><subfield code="2">rdacontent</subfield></datafield><datafield ind1=" " ind2=" " tag="337"><subfield code="a">unmediated</subfield><subfield code="b">n</subfield><subfield code="2">rdamedia</subfield></datafield><datafield ind1=" " ind2=" " tag="338"><subfield code="a">volume</subfield><subfield code="b">nc</subfield><subfield code="2">rdacarrier</subfield></datafield><datafield ind1="1" ind2=" " tag="362"><subfield code="a">Began with: Volume 9, Number 17 (November 26, 2014)?.</subfield></datafield><datafield ind1=" " ind2=" " tag="500"><subfield code="a">A weekly newspaper serving the communities of Woodford County.</subfield></datafield><datafield ind1=" " ind2=" " tag="588"><subfield code="a">Description based on: Volume 9, Number 26 (January 28, 2015); title from caption.</subfield></datafield><datafield ind1=" " ind2=" " tag="588"><subfield code="a">Latest issue consulted: Volume 9, Number 26 (January 28, 2015).</subfield></datafield><datafield ind1="0" ind2="0" tag="780"><subfield code="t">Woodford county news bulletin</subfield><subfield code="x">1932-0787</subfield><subfield code="w">(DLC)  2006213157</subfield><subfield code="w">(OCoLC)69659619</subfield></datafield><datafield ind1="4" ind2="2" tag="856"><subfield code="u">http://www.chronicleillinois.com</subfield></datafield></record>